@book{ML, 
author ="周志华", 
year="2016", 
title="机器学习", 
publisher ="清华大学出版社" 
} 

@book{PRML, 
author ="Christopher M.Bishop", 
year="2007", 
title="Pattern Recognition and Machine Learning", 
publisher ="Springer" 
} 